<?xml version="1.0" encoding="UTF-8"?><collection xmlns="http://www.loc.gov/MARC21/slim"><record><leader>00406nam--2200133-i-4500</leader><controlfield tag="001">000020392</controlfield><controlfield tag="002">20161230</controlfield><controlfield tag="005">20161230201033</controlfield><controlfield tag="008">060222s1000------------r-----000-0-eng-d</controlfield><datafield ind1=" " ind2=" " tag="080"><subfield code="a">577.3(043)</subfield></datafield><datafield ind1=" " ind2=" " tag="100"><subfield code="a">Enflo, Anita</subfield></datafield><datafield ind1=" " ind2=" " tag="245"><subfield code="a">Semiempirical and ab initio calculations on molecules of interest for biological reactions</subfield></datafield><datafield ind1=" " ind2=" " tag="260"><subfield code="a">Stockholm, Institute Of Theoretical Physics, 1986. 57 P</subfield></datafield><datafield ind1=" " ind2=" " tag="852"><subfield code="a">73746</subfield></datafield></record></collection>